% This file was created with JabRef 2.5.
% Encoding: UTF-8

@ARTICLE{Braess1969,
  author = {Braess, Dietrich},
  title = {{\"U}ber ein Paradoxon aus der Verkehrsplanung},
  journal = {Unternehmensforschung},
  year = {1969},
  volume = {12},
  pages = {258--268},
  owner = {andrew},
  timestamp = {2012.08.09}
}

@BOOKLET{IBM2011,
  title = {Frustration Rising: IBM 2011 Commuter Pain Survey},
  author = {IBM},
  year = {2011},
  owner = {andrew},
  timestamp = {2012.08.09}
}

@ARTICLE{Manville2005,
  author = {Manville, Michael and Shoup, Donald},
  title = {Parking, People, and Cities},
  journal = {Journal of Urban Planning and Development-ASCE},
  year = {2005},
  volume = {131},
  pages = {233--245},
  number = {6},
  doi = {10.1061/(ASCE)0733-9488(2005)131:4(233)}
}

@BOOKLET{OECD2010,
  title = {Highlights of the International Transport Forum 2010. Transport and
	Innovation: Unleashing the Potential.},
  author = {OECD and ITF},
  address = {Paris, France},
  year = {2010}
}

@InProceedings{Scheuermann2009,
    author = {Scheuermann, Bj{\"o}rn and Lochert, Christian and Rybicki, Jedrzej and Mauve, Martin},
    title  = {{A Fundamental Scalability Criterion for Data Aggregation in VANETs}},
    year   = {2009},
    pages  = { 285--296},
    booktitle = {MobiCom 2009: Proceedings of the Fifteenth ACM SIGMOBILE International Conference on Mobile Computing and Networking},
    address = {Beijing, China}
}

@inproceedings{Zhang2011,
  author = {Zhang, Jie},
  title = {A Survey on Trust Management for VANETs},
  booktitle = {Proceedings of the 25th International Conference on Advanced Information Networking and Applications (IEEE AINA)},
  year = {2011},
  pages = {105--112},
  address = {Biopolis, Singapore},
  owner = {andrew},
  timestamp = {2012.08.09}
}

@Article{Buriol2008,
  author = {Buriol, Luciana S. and Resende, Mauricio G. C. and Thorup, Mikkel},
  title = {Speeding Up Dynamic Shortest-Path Algorithms},
  journal = {INFORMS Journal on Computing},
  year = {2008},
  volume = {20},
  number = {2},
  pages = {191--204}
}

@InProceedings{Burnett2010,
author = {Burnett, Chris and Norman, Timothy J. and Sycara, Katia},
title = {Bootstrapping Trust Evaluations Through Stereotypes},
booktitle = {Proceedings of the 9th International Conference on Autonomous Agents and Multiagent Systems (AAMAS'10)},
pages = {241--248},
year = {2010},
address = {Toronto, Canada},
editor = {van der Hoek, Wiebe and Kaminka, Gal and Lesp{\'e}rance, Yves and Luck, Mike and Sen, Sandip}
}

@InProceedings{CostaPerreira2010,
author = {da Costa Perreira, Celia and Tettamanzi, Andrea G. B.},
title = {An Integrated Possibilistic Framework for Goal Generation in Cognitive Agents},
booktitle = {Proceedings of the 9th International Conference on Autonomous Agents and Multiagent Systems (AAMAS'10)},
pages = {1239--1246},
year = {2010},
editor = {van der Hoek, Wiebe and Kaminka, Gal and Lesp{\'e}rance, Yves and Luck, Mike and Sen, Sandip},
address = {Toronto, Canada}
}


